%% This BibTeX bibliography file was created using BibDesk.
%% https://bibdesk.sourceforge.io/

%% Created for Leander Flottau at 2023-08-30 12:35:26 +0200 


%% Saved with string encoding Unicode (UTF-8) 



@thesis{ma-sebastian,
	author = {M{\"u}ller, Sebastian},
	school = {TU Dortmund},
	subtitle = {Investigations of Reflector Geometry and Mirror Alignment for the FACT-Telescope},
	title = {Clear Sight in Cherenkov-Astronomy},
	type = {Masterarbeit},
	year = {2014}}

@book{kuypers,
	author = {Kuypers, Friedhelm},
	publisher = {Wiley-VCH},
	series = {9. Auflage},
	title = {Klassische Mechanik},
	year = {2010}}

@book{handbook_adhesives,
	address = {New York},
	edition = {2nd},
	editor = {Satas, D.},
	publisher = {Van Nostrand Reinhold},
	title = {Handbook of pressure sensitive adhesive technology},
	year = {1989}}

@article{pdg,
	author = {Beringer, J. and others},
	collaboration = {Particle Data Group},
	doi = {10.1103/PhysRevD.86.010001},
	journal = {Phys.Rev.},
	pages = {010001},
	slaccitation = {%%CITATION = PHRVA,D86,010001;%%},
	title = {{Review of Particle Physics (RPP)}},
	volume = {D86},
	year = {2012},
	bdsk-url-1 = {https://doi.org/10.1103/PhysRevD.86.010001}}

@article{einstein,
	author = {Einstein, A.},
	journal = {Annals of Mathematics},
	number = {4},
	pages = {578-584},
	title = {A Generalization of the relativistic theory of Gravitation},
	volume = {46},
	year = {1945}}

@manual{siunitx,
	author = {Wright, Joseph},
	date = {2013},
	title = {siunitx - A comprehensive (SI) units package},
	url = {http://mirror.selfnet.de/tex-archive/macros/latex/contrib/siunitx/siunitx.pdf},
	bdsk-url-1 = {http://mirror.selfnet.de/tex-archive/macros/latex/contrib/siunitx/siunitx.pdf}}

@manual{koma,
	author = {Kohm, Markus and Morawski, Jens-Uwe},
	date = {2013},
	subtitle = {ein wandelbares LaTeX-Paket},
	title = {KOMA -Script},
	url = {http://mirror.selfnet.de/tex-archive/macros/latex/contrib/koma-script/doc/scrguide.pdf},
	bdsk-url-1 = {http://mirror.selfnet.de/tex-archive/macros/latex/contrib/koma-script/doc/scrguide.pdf}}

@manual{biblatex,
	author = {Lehman, Philipp and others},
	date = {2014},
	subtitle = {Programmable Bibliographies and Citations},
	title = {The Biblatex Package},
	url = {ftp://ftp.fu-berlin.de/tex/CTAN/macros/latex/contrib/biblatex/doc/biblatex.pdf},
	bdsk-url-1 = {ftp://ftp.fu-berlin.de/tex/CTAN/macros/latex/contrib/biblatex/doc/biblatex.pdf}}

@electronic{make,
	date = {2014},
	title = {Gnu-Make Homepage},
	url = {http://www.gnu.org/software/make/},
	bdsk-url-1 = {http://www.gnu.org/software/make/}}

@electronic{toolbox,
	date = {2014},
	title = {Pep et al.\ Toolbox -- \LaTeX-Folien},
	url = {http://toolbox.pep-dortmund.org/files/archive/2014/latex.pdf},
	bdsk-url-1 = {http://toolbox.pep-dortmund.org/files/archive/2014/latex.pdf}}

@electronic{gitbash,
	date = {2014},
	title = {Git Bash - Download},
	url = {http://msysgit.github.io/},
	bdsk-url-1 = {http://msysgit.github.io/}}

@electronic{pleser,
	author = {Leser, Philipp},
	date = {2014},
	title = {Modern Packages for LaTeX},
	url = {http://philippleser.de/physics/latex},
	bdsk-url-1 = {http://philippleser.de/physics/latex}}

@manual{l2tabu,
	author = {Ensenbach, Marc and Trettin, Mark},
	date = {2011},
	title = {Das LATEX2Îµ-S{\"u}ndenregister},
	url = {ftp://ftp.mpi-sb.mpg.de/pub/tex/mirror/ftp.dante.de/pub/tex/info/l2tabu/german/l2tabu.pdf},
	bdsk-url-1 = {ftp://ftp.mpi-sb.mpg.de/pub/tex/mirror/ftp.dante.de/pub/tex/info/l2tabu/german/l2tabu.pdf}}

@electronic{texmaker,
	date = {2014},
	subtitle = {The universal LaTeX editor, Downloads},
	title = {Texmaker},
	url = {http://www.xm1math.net/texmaker/download.html},
	bdsk-url-1 = {http://www.xm1math.net/texmaker/download.html}}

@article{Aartsen_2017,
	author = {M.G. Aartsen and M. Ackermann and J. Adams and J.A. Aguilar and M. Ahlers and M. Ahrens and D. Altmann and K. Andeen and T. Anderson and I. Ansseau and G. Anton and M. Archinger and C. Arg{\"u}elles and R. Auer and J. Auffenberg and S. Axani and J. Baccus and X. Bai and S. Barnet and S.W. Barwick and V. Baum and R. Bay and K. Beattie and J.J. Beatty and J. Becker Tjus and K.-H. Becker and T. Bendfelt and S. BenZvi and D. Berley and E. Bernardini and A. Bernhard and D.Z. Besson and G. Binder and D. Bindig and M. Bissok and E. Blaufuss and S. Blot and D. Boersma and C. Bohm and M. B{\"o}rner and F. Bos and D. Bose and S. B{\"o}ser and O. Botner and A. Bouchta and J. Braun and L. Brayeur and H.-P. Bretz and S. Bron and A. Burgman and C. Burreson and T. Carver and M. Casier and E. Cheung and D. Chirkin and A. Christov and K. Clark and L. Classen and S. Coenders and G.H. Collin and J.M. Conrad and D.F. Cowen and R. Cross and C. Day and M. Day and J.P.A.M. de Andr{\'{e} } and C. De Clercq and E. del Pino Rosendo and H. Dembinski and S. De Ridder and F. Descamps and P. Desiati and K.D. de Vries and G. de Wasseige and M. de With and T. DeYoung and J.C. D{\'{\i}}az-V{\'{e}}lez and V. di Lorenzo and H. Dujmovic and J.P. Dumm and M. Dunkman and B. Eberhardt and W.R. Edwards and T. Ehrhardt and B. Eichmann and P. Eller and S. Euler and P.A. Evenson and S. Fahey and A.R. Fazely and J. Feintzeig and J. Felde and K. Filimonov and C. Finley and S. Flis and C.-C. F{\"o}sig and A. Franckowiak and M. Fr{\`{e}}re and E. Friedman and T. Fuchs and T.K. Gaisser and J. Gallagher and L. Gerhardt and K. Ghorbani and W. Giang and L. Gladstone and T. Glauch and D. Glowacki and T. Gl{\"u}senkamp and A. Goldschmidt and J.G. Gonzalez and D. Grant and Z. Griffith and L. Gustafsson and C. Haack and A. Hallgren and F. Halzen and E. Hansen and T. Hansmann and K. Hanson and J. Haugen and D. Hebecker and D. Heereman and K. Helbing and R. Hellauer and R. Heller and S. Hickford and J. Hignight and G.C. Hill and K.D. Hoffman and R. Hoffmann and K. Hoshina and F. Huang and M. Huber and P.O. Hulth and K. Hultqvist and S. In and M. Inaba and A. Ishihara and E. Jacobi and J. Jacobsen and G.S. Japaridze and M. Jeong and K. Jero and A. Jones and B.J.P. Jones and J. Joseph and W. Kang and A. Kappes and T. Karg and A. Karle and U. Katz and M. Kauer and A. Keivani and J.L. Kelley and J. Kemp and A. Kheirandish and J. Kim and M. Kim and T. Kintscher and J. Kiryluk and N. Kitamura and T. Kittler and S.R. Klein and S. Kleinfelder and M. Kleist and G. Kohnen and R. Koirala and H. Kolanoski and R. Konietz and L. K{\"o}pke and C. Kopper and S. Kopper and D.J. Koskinen and M. Kowalski and M. Krasberg and K. Krings and M. Kroll and G. Kr{\"u}ckl and C. Kr{\"u}ger and J. Kunnen and S. Kunwar and N. Kurahashi and T. Kuwabara and M. Labare and K. Laihem and H. Landsman and J.L. Lanfranchi and M.J. Larson and F. Lauber and A. Laundrie and D. Lennarz and H. Leich and M. Lesiak-Bzdak and M. Leuermann and L. Lu and J. Ludwig and J. L{\"u}nemann and C. Mackenzie and J. Madsen and G. Maggi and K.B.M. Mahn and S. Mancina and M. Mandelartz and R. Maruyama and K. Mase and H. Matis and R. Maunu and F. McNally and C.P. McParland and P. Meade and K. Meagher and M. Medici and M. Meier and A. Meli and T. Menne and G. Merino and T. Meures and S. Miarecki and R.H. Minor and T. Montaruli and M. Moulai and T. Murray and R. Nahnhauer and U. Naumann and G. Neer and M. Newcomb and H. Niederhausen and S.C. Nowicki and D.R. Nygren and A. Obertacke Pollmann and A. Olivas and A. O{\textquotesingle}Murchadha and T. Palczewski and H. Pandya and D.V. Pankova and S. Patton and P. Peiffer and {\"O}. Penek and J.A. Pepper and C. P{\'{e}}rez de los Heros and C. Pettersen and D. Pieloth and E. Pinat and P.B. Price and G.T. Przybylski and M. Quinnan and C. Raab and L. R{\"a}del and M. Rameez and K. Rawlins and R. Reimann and B. Relethford and M. Relich and E. Resconi and W. Rhode and M. Richman and B. Riedel and S. Robertson and M. Rongen and C. Roucelle and C. Rott and T. Ruhe and D. Ryckbosch and D. Rysewyk and L. Sabbatini and S.E. Sanchez Herrera and A. Sandrock and J. Sandroos and P. Sandstrom and S. Sarkar and K. Satalecka and P. Schlunder and T. Schmidt and S. Schoenen and S. Sch{\"o}neberg and A. Schukraft and L. Schumacher and D. Seckel and S. Seunarine and M. Solarz and D. Soldin and M. Song and G.M. Spiczak and C. Spiering and T. Stanev and A. Stasik and J. Stettner and A. Steuer and T. Stezelberger and R.G. Stokstad and A. St{\"o}{\ss}l and R. Str{\"o}m and N.L. Strotjohann and K.-H. Sulanke and G.W. Sullivan and M. Sutherland and H. Taavola and I. Taboada and J. Tatar and F. Tenholt and S. Ter-Antonyan and A. Terliuk and G. Te{\v{s}}i{\'{c}} and L. Thollander and S. Tilav and P.A. Toale and M.N. Tobin and S. Toscano and D. Tosi and M. Tselengidou and A. Turcati and E. Unger and M. Usner and J. Vandenbroucke and N. van Eijndhoven and S. Vanheule and M. van Rossem and J. van Santen and M. Vehring and M. Voge and E. Vogel and M. Vraeghe and D. Wahl and C. Walck and A. Wallace and M. Wallraff and N. Wandkowsky and Ch. Weaver and M.J. Weiss and C. Wendt and S. Westerhoff and D. Wharton and B.J. Whelan and S. Wickmann and K. Wiebe and C.H. Wiebusch and L. Wille and D.R. Williams and L. Wills and P. Wisniewski and M. Wolf and T.R. Wood and E. Woolsey and K. Woschnagg and D.L. Xu and X.W. Xu and Y. Xu and J.P. Yanez and G. Yodh and S. Yoshida and M. Zoll},
	doi = {10.1088/1748-0221/12/03/p03012},
	journal = {Journal of Instrumentation},
	month = {mar},
	number = {03},
	pages = {P03012--P03012},
	publisher = {{IOP} Publishing},
	title = {The {IceCube} Neutrino Observatory: instrumentation and online systems},
	url = {https://doi.org/10.1088%2F1748-0221%2F12%2F03%2Fp03012},
	volume = {12},
	year = 2017,
	bdsk-url-1 = {https://doi.org/10.1088%2F1748-0221%2F12%2F03%2Fp03012},
	bdsk-url-2 = {https://doi.org/10.1088/1748-0221/12/03/p03012}}

@article{Abbasi_2021,
	author = {R. Abbasi and M. Ackermann and J. Adams and J.A. Aguilar and M. Ahlers and M. Ahrens and C. Alispach and A.A. Alves and N.M. Amin and R. An and K. Andeen and T. Anderson and I. Ansseau and G. Anton and C. Arg{\"u}elles and S. Axani and X. Bai and A. Balagopal V. and A. Barbano and S.W. Barwick and B. Bastian and V. Basu and V. Baum and S. Baur and R. Bay and J.J. Beatty and K.-H. Becker and J. Becker Tjus and C. Bellenghi and S. BenZvi and D. Berley and E. Bernardini and D.Z. Besson and G. Binder and D. Bindig and E. Blaufuss and S. Blot and S. B{\"o}ser and O. Botner and J. B{\"o}ttcher and E. Bourbeau and J. Bourbeau and F. Bradascio and J. Braun and S. Bron and J. Brostean-Kaiser and A. Burgman and R.S. Busse and M.A. Campana and C. Chen and D. Chirkin and S. Choi and B.A. Clark and K. Clark and L. Classen and A. Coleman and G.H. Collin and J.M. Conrad and P. Coppin and P. Correa and D.F. Cowen and R. Cross and P. Dave and C.D. Clercq and J.J. DeLaunay and H. Dembinski and K. Deoskar and S.D. Ridder and A. Desai and P. Desiati and K.D. de Vries and G. de Wasseige and M. de With and T. DeYoung and S. Dharani and A. Diaz and J.C. D{\'{\i} }az-V{\'{e}}lez and H. Dujmovic and M. Dunkman and M.A. DuVernois and E. Dvorak and T. Ehrhardt and P. Eller and R. Engel and J. Evans and P.A. Evenson and S. Fahey and A.R. Fazely and S. Fiedlschuster and A.T. Fienberg and K. Filimonov and C. Finley and L. Fischer and D. Fox and A. Franckowiak and E. Friedman and A. Fritz and P. F{\"u}rst and T.K. Gaisser and J. Gallagher and E. Ganster and S. Garrappa and L. Gerhardt and A. Ghadimi and C. Glaser and T. Glauch and T. Gl{\"u}senkamp and A. Goldschmidt and J.G. Gonzalez and S. Goswami and D. Grant and T. Gr{\'{e}}goire and Z. Griffith and S. Griswold and M. G{\"u}nd{\"u}z and C. Haack and A. Hallgren and R. Halliday and L. Halve and F. Halzen and M.H. Minh and K. Hanson and J. Hardin and A.A. Harnisch and A. Haungs and S. Hauser and D. Hebecker and K. Helbing and F. Henningsen and E.C. Hettinger and S. Hickford and J. Hignight and C. Hill and G.C. Hill and K.D. Hoffman and R. Hoffmann and T. Hoinka and B. Hokanson-Fasig and K. Hoshina and F. Huang and M. Huber and T. Huber and K. Hultqvist and M. H{\"u}nnefeld and R. Hussain and S. In and N. Iovine and A. Ishihara and M. Jansson and G.S. Japaridze and M. Jeong and B.J.P. Jones and R. Joppe and D. Kang and W. Kang and X. Kang and A. Kappes and D. Kappesser and T. Karg and M. Karl and A. Karle and U. Katz and M. Kauer and M. Kellermann and J.L. Kelley and A. Kheirandish and J. Kim and K. Kin and T. Kintscher and J. Kiryluk and S.R. Klein and R. Koirala and H. Kolanoski and L. K{\"o}pke and C. Kopper and S. Kopper and D.J. Koskinen and P. Koundal and M. Kovacevich and M. Kowalski and K. Krings and G. Kr{\"u}ckl and N. Kurahashi and A. Kyriacou and C. Lagunas Gualda and J.L. Lanfranchi and M.J. Larson and F. Lauber and J.P. Lazar and K. Leonard and A. Leszczy{\'{n}}ska and Y. Li and Q.R. Liu and E. Lohfink and C.J. Lozano Mariscal and L. Lu and F. Lucarelli and A. Ludwig and W. Luszczak and Y. Lyu and W.Y. Ma and J. Madsen and K.B. M. Mahn and Y. Makino and P. Mallik and S. Mancina and I.C. Mari{\c{s}} and R. Maruyama and K. Mase and F. McNally and K. Meagher and A. Medina and M. Meier and S. Meighen-Berger and J. Merz and J. Micallef and D. Mockler and G. Moment{\'{e}} and T. Montaruli and R.W. Moore and K. Morik and R. Morse and M. Moulai and R. Naab and R. Nagai and U. Naumann and J. Necker and L.V. Nguyá»n and H. Niederhausen and M.U. Nisa and S.C. Nowicki and D.R. Nygren and A. Obertacke Pollmann and M. Oehler and A. Olivas and E. O{\textquotesingle}Sullivan and H. Pandya and D.V. Pankova and N. Park and G.K. Parker and E.N. Paudel and P. Peiffer and C. P{\'{e}}rez de los Heros and S. Philippen and D. Pieloth and S. Pieper and A. Pizzuto and M. Plum and Y. Popovych and A. Porcelli and M. Prado Rodriguez and P.B. Price and B. Pries and G.T. Przybylski and C. Raab and A. Raissi and M. Rameez and K. Rawlins and I.C. Rea and A. Rehman and R. Reimann and M. Renschler and G. Renzi and E. Resconi and S. Reusch and W. Rhode and M. Richman and B. Riedel and S. Robertson and G. Roellinghoff and M. Rongen and C. Rott and T. Ruhe and D. Ryckbosch and D. Rysewyk Cantu and I. Safa and S.E. Sanchez Herrera and A. Sandrock and J. Sandroos and M. Santander and S. Sarkar and S. Sarkar and K. Satalecka and M. Scharf and M. Schaufel and H. Schieler and P. Schlunder and T. Schmidt and A. Schneider and J. Schneider and F.G. Schr{\"o}der and L. Schumacher and S. Sclafani and D. Seckel and S. Seunarine and A. Sharma and S. Shefali and M. Silva and B. Skrzypek and B. Smithers and R. Snihur and J. Soedingrekso and D. Soldin and G.M. Spiczak and C. Spiering and J. Stachurska and M. Stamatikos and T. Stanev and R. Stein and J. Stettner and A. Steuer and T. Stezelberger and R.G. Stokstad and T. St{\"u}rwald and T. Stuttard and G.W. Sullivan and I. Taboada and F. Tenholt and S. Ter-Antonyan and S. Tilav and F. Tischbein and K. Tollefson and L. Tomankova and C. T{\"o}nnis and S. Toscano and D. Tosi and A. Trettin and M. Tselengidou and C.F. Tung and A. Turcati and R. Turcotte and C.F. Turley and J.P. Twagirayezu and B. Ty and M.A. Unland Elorrieta and N. Valtonen-Mattila and J. Vandenbroucke and D. van Eijk and N. van Eijndhoven and D. Vannerom and J. van Santen and S. Verpoest and M. Vraeghe and C. Walck and A. Wallace and T.B. Watson and C. Weaver and A. Weindl and M.J. Weiss and J. Weldert and C. Wendt and J. Werthebach and M. Weyrauch and B.J. Whelan and N. Whitehorn and K. Wiebe and C.H. Wiebusch and D.R. Williams and M. Wolf and K. Woschnagg and G. Wrede and J. Wulff and X.W. Xu and Y. Xu and J.P. Yanez and S. Yoshida and T. Yuan and Z. Zhang},
	doi = {10.1088/1748-0221/16/07/p07041},
	journal = {Journal of Instrumentation},
	month = {jul},
	number = {07},
	pages = {P07041},
	publisher = {{IOP} Publishing},
	title = {A convolutional neural network based cascade reconstruction for the {IceCube} Neutrino Observatory},
	url = {https://doi.org/10.1088%2F1748-0221%2F16%2F07%2Fp07041},
	volume = {16},
	year = 2021,
	bdsk-url-1 = {https://doi.org/10.1088%2F1748-0221%2F16%2F07%2Fp07041},
	bdsk-url-2 = {https://doi.org/10.1088/1748-0221/16/07/p07041}}

@article{Albrecht_2022,
	author = {Johannes Albrecht and Lorenzo Cazon and Hans Dembinski and Anatoli Fedynitch and Karl-Heinz Kampert and Tanguy Pierog and Wolfgang Rhode and Dennis Soldin and Bernhard Spaan and Ralf Ulrich and Michael Unger},
	doi = {10.1007/s10509-022-04054-5},
	journal = {Astrophysics and Space Science},
	month = {mar},
	number = {3},
	publisher = {Springer Science and Business Media {LLC}},
	title = {The Muon Puzzle in cosmic-ray induced air showers and its connection to the Large Hadron Collider},
	url = {https://doi.org/10.1007%2Fs10509-022-04054-5},
	volume = {367},
	year = 2022,
	bdsk-url-1 = {https://doi.org/10.1007%2Fs10509-022-04054-5},
	bdsk-url-2 = {https://doi.org/10.1007/s10509-022-04054-5}}

@book{gaisser_engel_resconi_2016,
	author = {Gaisser, Thomas K. and Engel, Ralph and Resconi, Elisa},
	doi = {10.1017/CBO9781139192194},
	edition = {2},
	place = {Cambridge},
	publisher = {Cambridge University Press},
	title = {Cosmic Rays and Particle Physics},
	year = {2016},
	bdsk-url-1 = {https://doi.org/10.1017/CBO9781139192194}}

@article{Illana_2011,
	author = {Jos{\'{e}} I. Illana and Paolo Lipari and Manuel Masip and Davide Meloni},
	doi = {10.1016/j.astropartphys.2011.01.001},
	journal = {Astroparticle Physics},
	month = {apr},
	number = {9},
	pages = {663--673},
	publisher = {Elsevier {BV}},
	title = {Atmospheric muon and neutrino fluxes at very high energy},
	url = {https://doi.org/10.1016%2Fj.astropartphys.2011.01.001},
	volume = {34},
	year = 2011,
	bdsk-url-1 = {https://doi.org/10.1016%2Fj.astropartphys.2011.01.001},
	bdsk-url-2 = {https://doi.org/10.1016/j.astropartphys.2011.01.001}}

@article{Workman:2022ynf,
	author = {Workman, R. L. and Others},
	collaboration = {Particle Data Group},
	doi = {10.1093/ptep/ptac097},
	journal = {PTEP},
	pages = {083C01},
	title = {{Review of Particle Physics}},
	volume = {2022},
	year = {2022},
	bdsk-url-1 = {https://doi.org/10.1093/ptep/ptac097}}

@misc{fedynitch2015calculation,
	archiveprefix = {arXiv},
	author = {Anatoli Fedynitch and Ralph Engel and Thomas K. Gaisser and Felix Riehn and Todor Stanev},
	eprint = {1503.00544},
	primaryclass = {hep-ph},
	title = {Calculation of conventional and prompt lepton fluxes at very high energy},
	year = {2015}}

@book{hastie2009elements,
	author = {Hastie, T. and Tibshirani, R. and Friedman, J.H.},
	isbn = {9780387848846},
	lccn = {2008941148},
	publisher = {Springer},
	series = {Springer series in statistics},
	title = {The Elements of Statistical Learning: Data Mining, Inference, and Prediction},
	url = {https://books.google.de/books?id=eBSgoAEACAAJ},
	year = {2009},
	bdsk-url-1 = {https://books.google.de/books?id=eBSgoAEACAAJ}}

@misc{kingma2017adam,
	archiveprefix = {arXiv},
	author = {Diederik P. Kingma and Jimmy Ba},
	eprint = {1412.6980},
	primaryclass = {cs.LG},
	title = {Adam: A Method for Stochastic Optimization},
	year = {2017}}

@misc{dumoulin2018guide,
	archiveprefix = {arXiv},
	author = {Vincent Dumoulin and Francesco Visin},
	eprint = {1603.07285},
	primaryclass = {stat.ML},
	title = {A guide to convolution arithmetic for deep learning},
	year = {2018}}

@article{Aartsen_2014,
	author = {M G Aartsen and R Abbasi and M Ackermann and J Adams and J A Aguilar and M Ahlers and D Altmann and C Arguelles and J Auffenberg and X Bai and M Baker and S W Barwick and V Baum and R Bay and J J Beatty and J Becker Tjus and K -H Becker and S BenZvi and P Berghaus and D Berley and E Bernardini and A Bernhard and D Z Besson and G Binder and D Bindig and M Bissok and E Blaufuss and J Blumenthal and D J Boersma and C Bohm and D Bose and S B{\"o}ser and O Botner and L Brayeur and H -P Bretz and A M Brown and R Bruijn and J Casey and M Casier and D Chirkin and A Christov and B Christy and K Clark and L Classen and F Clevermann and S Coenders and S Cohen and D F Cowen and A H Cruz Silva and M Danninger and J Daughhetee and J C Davis and M Day and C De Clercq and S De Ridder and P Desiati and K D de Vries and M de With and T DeYoung and J C D{\'{\i} }az-V{\'{e}}lez and M Dunkman and R Eagan and B Eberhardt and B Eichmann and J Eisch and S Euler and P A Evenson and O Fadiran and A R Fazely and A Fedynitch and J Feintzeig and T Feusels and K Filimonov and C Finley and T Fischer-Wasels and S Flis and A Franckowiak and K Frantzen and T Fuchs and T K Gaisser and J Gallagher and L Gerhardt and L Gladstone and T Gl{\"u}senkamp and A Goldschmidt and G Golup and J G Gonzalez and J A Goodman and D G{\'{o}}ra and D T Grandmont and D Grant and P Gretskov and J C Groh and A Gro{\ss} and C Ha and A Haj Ismail and P Hallen and A Hallgren and F Halzen and K Hanson and D Hebecker and D Heereman and D Heinen and K Helbing and R Hellauer and S Hickford and G C Hill and K D Hoffman and R Hoffmann and A Homeier and K Hoshina and F Huang and W Huelsnitz and P O Hulth and K Hultqvist and S Hussain and A Ishihara and S Jackson and E Jacobi and J Jacobsen and K Jagielski and G S Japaridze and K Jero and O Jlelati and B Kaminsky and A Kappes and T Karg and A Karle and M Kauer and J L Kelley and J Kiryluk and J Kl{\"a}s and S R Klein and J -H K{\"o}hne and G Kohnen and H Kolanoski and L K{\"o}pke and C Kopper and S Kopper and D J Koskinen and M Kowalski and M Krasberg and A Kriesten and K Krings and G Kroll and J Kunnen and N Kurahashi and T Kuwabara and M Labare and H Landsman and M J Larson and M Lesiak-Bzdak and M Leuermann and J Leute and J L{\"u}nemann and O Mac{\'{\i}}as and J Madsen and G Maggi and R Maruyama and K Mase and H S Matis and F McNally and K Meagher and M Merck and T Meures and S Miarecki and E Middell and N Milke and J Miller and L Mohrmann and T Montaruli and R Morse and R Nahnhauer and U Naumann and H Niederhausen and S C Nowicki and D R Nygren and A Obertacke and S Odrowski and A Olivas and A Omairat and A O{\textquotesingle}Murchadha and L Paul and J A Pepper and C P{\'{e}}rez de los Heros and C Pfendner and D Pieloth and E Pinat and J Posselt and P B Price and G T Przybylski and M Quinnan and L R{\"a}del and M Rameez and K Rawlins and P Redl and R Reimann and E Resconi and W Rhode and M Ribordy and M Richman and B Riedel and S Robertson and J P Rodrigues and C Rott and T Ruhe and B Ruzybayev and D Ryckbosch and S M Saba and H -G Sander and M Santander and S Sarkar and K Schatto and F Scheriau and T Schmidt and M Schmitz and S Schoenen and S Sch{\"o}neberg and A Sch{\"o}nwald and A Schukraft and L Schulte and O Schulz and D Seckel and Y Sestayo and S Seunarine and R Shanidze and C Sheremata and M W E Smith and D Soldin and G M Spiczak and C Spiering and M Stamatikos and T Stanev and N A Stanisha and A Stasik and T Stezelberger and R G Stokstad and A St{\"o}{\ss}l and E A Strahler and R Str{\"o}m and N L Strotjohann and G W Sullivan and H Taavola and I Taboada and A Tamburro and A Tepe and S Ter-Antonyan and G Te$\lbrace${\v{s}}$\rbrace$i{\'{c}} and S Tilav and P A Toale and M N Tobin and S Toscano and M Tselengidou and E Unger and M Usner and S Vallecorsa and N van Eijndhoven and A Van Overloop and J van Santen and M Vehring and M Voge and M Vraeghe and C Walck and T Waldenmaier and M Wallraff and Ch Weaver and M Wellons and C Wendt and S Westerhoff and B Whelan and N Whitehorn and K Wiebe and C H Wiebusch and D R Williams and H Wissing and M Wolf and T R Wood and K Woschnagg and D L Xu and X W Xu and J P Yanez and G Yodh and S Yoshida and P Zarzhitsky and J Ziemann and S Zierke and M Zoll},
	doi = {10.1088/1748-0221/9/03/p03009},
	journal = {Journal of Instrumentation},
	month = {mar},
	number = {03},
	pages = {P03009--P03009},
	publisher = {{IOP} Publishing},
	title = {Energy reconstruction methods in the {IceCube} neutrino telescope},
	url = {https://doi.org/10.1088%2F1748-0221%2F9%2F03%2Fp03009},
	volume = {9},
	year = 2014,
	bdsk-url-1 = {https://doi.org/10.1088%2F1748-0221%2F9%2F03%2Fp03009},
	bdsk-url-2 = {https://doi.org/10.1088/1748-0221/9/03/p03009}}

@article{Mikkelsen_2016,
	author = {R.{\hspace{0.167em} }E. Mikkelsen and T. Poulsen and U.{\hspace{0.167em}}I. Uggerh{\o}j and S.{\hspace{0.167em}}R. Klein},
	doi = {10.1103/physrevd.93.053006},
	journal = {Physical Review D},
	month = {mar},
	number = {5},
	publisher = {American Physical Society ({APS})},
	title = {Characteristics of Cherenkov radiation in naturally occurring ice},
	url = {https://doi.org/10.1103%2Fphysrevd.93.053006},
	volume = {93},
	year = 2016,
	bdsk-url-1 = {https://doi.org/10.1103%2Fphysrevd.93.053006},
	bdsk-url-2 = {https://doi.org/10.1103/physrevd.93.053006}}

@misc{gaisser2013cosmic,
	archiveprefix = {arXiv},
	author = {Thomas K. Gaisser and Todor Stanev and Serap Tilav},
	eprint = {1303.3565},
	primaryclass = {astro-ph.HE},
	title = {Cosmic Ray Energy Spectrum from Measurements of Air Showers},
	year = {2013}}

@article{Aartsen_2018,
	author = {M.G. Aartsen and M. Ackermann and J. Adams and J.A. Aguilar and M. Ahlers and M. Ahrens and D. Altmann and K. Andeen and T. Anderson and I. Ansseau and G. Anton and M. Archinger and C. Arg{\"u}elles and J. Auffenberg and S. Axani and X. Bai and S.W. Barwick and V. Baum and R. Bay and J.J. Beatty and J. Becker Tjus and K.-H. Becker and S. BenZvi and D. Berley and E. Bernardini and A. Bernhard and D.Z. Besson and G. Binder and D. Bindig and M. Bissok and E. Blaufuss and S. Blot and C. Bohm and M. B{\"o}rner and F. Bos and D. Bose and S. B{\"o}ser and O. Botner and J. Braun and L. Brayeur and H.-P. Bretz and S. Bron and A. Burgman and T. Carver and M. Casier and E. Cheung and D. Chirkin and A. Christov and K. Clark and L. Classen and S. Coenders and G.H. Collin and J.M. Conrad and D.F. Cowen and R. Cross and M. Day and J.P.A.M. de Andr{\'{e}} and C. De Clercq and E. del Pino Rosendo and H. Dembinski and S. De Ridder and P. Desiati and K.D. de Vries and G. de Wasseige and M. de With and T. DeYoung and J.C. D{\'{\i}}az-V{\'{e}}lez and V. di Lorenzo and H. Dujmovic and J.P. Dumm and M. Dunkman and B. Eberhardt and T. Ehrhardt and B. Eichmann and P. Eller and S. Euler and P.A. Evenson and S. Fahey and A.R. Fazely and J. Feintzeig and J. Felde and K. Filimonov and C. Finley and S. Flis and C.-C. F{\"o}sig and A. Franckowiak and E. Friedman and T. Fuchs and T.K. Gaisser and J. Gallagher and L. Gerhardt and K. Ghorbani and W. Giang and L. Gladstone and T. Glauch and T. Gl{\"u}senkamp and A. Goldschmidt and J.G. Gonzalez and D. Grant and Z. Griffith and C. Haack and A. Hallgren and F. Halzen and E. Hansen and T. Hansmann and K. Hanson and D. Hebecker and D. Heereman and K. Helbing and R. Hellauer and S. Hickford and J. Hignight and G.C. Hill and K.D. Hoffman and R. Hoffmann and K. Holzapfel and K. Hoshina and F. Huang and M. Huber and K. Hultqvist and S. In and A. Ishihara and E. Jacobi and G.S. Japaridze and M. Jeong and K. Jero and B.J.P. Jones and M. Jurkovic and W. Kang and A. Kappes and T. Karg and A. Karle and U. Katz and M. Kauer and A. Keivani and J.L. Kelley and A. Kheirandish and J. Kim and M. Kim and T. Kintscher and J. Kiryluk and T. Kittler and S.R. Klein and G. Kohnen and R. Koirala and H. Kolanoski and R. Konietz and L. K{\"o}pke and C. Kopper and S. Kopper and D.J. Koskinen and M. Kowalski and K. Krings and M. Kroll and G. Kr{\"u}ckl and C. Kr{\"u}ger and J. Kunnen and S. Kunwar and N. Kurahashi and T. Kuwabara and M. Labare and J.L. Lanfranchi and M.J. Larson and F. Lauber and D. Lennarz and M. Lesiak-Bzdak and M. Leuermann and L. Lu and J. L{\"u}nemann and J. Madsen and G. Maggi and K.B.M. Mahn and S. Mancina and M. Mandelartz and R. Maruyama and K. Mase and R. Maunu and F. McNally and K. Meagher and M. Medici and M. Meier and A. Meli and T. Menne and G. Merino and T. Meures and S. Miarecki and T. Montaruli and M. Moulai and R. Nahnhauer and U. Naumann and G. Neer and H. Niederhausen and S.C. Nowicki and D.R. Nygren and A. Obertacke Pollmann and A. Olivas and A. O'Murchadha and T. Palczewski and H. Pandya and D.V. Pankova and P. Peiffer and {\"O}. Penek and J.A. Pepper and C. P{\'{e}}rez de los Heros and D. Pieloth and E. Pinat and P.B. Price and G.T. Przybylski and M. Quinnan and C. Raab and L. R{\"a}del and M. Rameez and K. Rawlins and R. Reimann and B. Relethford and M. Relich and E. Resconi and W. Rhode and M. Richman and B. Riedel and S. Robertson and M. Rongen and C. Rott and T. Ruhe and D. Ryckbosch and D. Rysewyk and L. Sabbatini and S.E. Sanchez Herrera and A. Sandrock and J. Sandroos and S. Sarkar and K. Satalecka and P. Schlunder and T. Schmidt and S. Schoenen and S. Sch{\"o}neberg and L. Schumacher and D. Seckel and S. Seunarine and D. Soldin and M. Song and G.M. Spiczak and C. Spiering and T. Stanev and A. Stasik and J. Stettner and A. Steuer and T. Stezelberger and R.G. Stokstad and A. St{\"o}{\ss}l and R. Str{\"o}m and N.L. Strotjohann and G.W. Sullivan and M. Sutherland and H. Taavola and I. Taboada and J. Tatar and F. Tenholt and S. Ter-Antonyan and A. Terliuk and G. Te{\v{s}}i{\'{c}} and S. Tilav and P.A. Toale and M.N. Tobin and S. Toscano and D. Tosi and M. Tselengidou and A. Turcati and E. Unger and M. Usner and J. Vandenbroucke and N. van Eijndhoven and S. Vanheule and M. van Rossem and J. van Santen and J. Veenkamp and M. Vehring and M. Voge and E. Vogel and M. Vraeghe and C. Walck and A. Wallace and M. Wallraff and N. Wandkowsky and Ch. Weaver and M.J. Weiss and C. Wendt and S. Westerhoff and B.J. Whelan and S. Wickmann and K. Wiebe and C.H. Wiebusch and L. Wille and D.R. Williams and L. Wills and M. Wolf and T.R. Wood and E. Woolsey and K. Woschnagg and D.L. Xu and X.W. Xu and Y. Xu and J.P. Yanez and G. Yodh and S. Yoshida and M. Zoll},
	doi = {10.1016/j.asr.2017.05.030},
	journal = {Advances in Space Research},
	month = {nov},
	number = {10},
	pages = {2902--2930},
	publisher = {Elsevier {BV}},
	title = {Astrophysical neutrinos and cosmic rays observed by {IceCube}},
	url = {https://doi.org/10.1016%2Fj.asr.2017.05.030},
	volume = {62},
	year = 2018,
	bdsk-url-1 = {https://doi.org/10.1016%2Fj.asr.2017.05.030},
	bdsk-url-2 = {https://doi.org/10.1016/j.asr.2017.05.030}}

@article{Aartsen_2016,
	author = {M.G. Aartsen and K. Abraham and M. Ackermann and J. Adams and J.A. Aguilar and M. Ahlers and M. Ahrens and D. Altmann and T. Anderson and M. Archinger and C. Arg{\"u}elles and T.C. Arlen and J. Auffenberg and X. Bai and S.W. Barwick and V. Baum and R. Bay and J.J. Beatty and J. Becker Tjus and K.-H. Becker and E. Beiser and S. BenZvi and P. Berghaus and D. Berley and E. Bernardini and A. Bernhard and D.Z. Besson and G. Binder and D. Bindig and M. Bissok and E. Blaufuss and J. Blumenthal and D.J. Boersma and C. Bohm and M. B{\"o}rner and F. Bos and D. Bose and S. B{\"o}ser and O. Botner and J. Braun and L. Brayeur and H.-P. Bretz and A.M. Brown and N. Buzinsky and J. Casey and M. Casier and E. Cheung and D. Chirkin and A. Christov and B. Christy and K. Clark and L. Classen and S. Coenders and D.F. Cowen and A.H. Cruz Silva and J. Daughhetee and J.C. Davis and M. Day and J.P.A.M. de Andr{\'{e}} and C. De Clercq and H. Dembinski and S. De Ridder and P. Desiati and K.D. de Vries and G. de Wasseige and M. de With and T. DeYoung and J.C. D{\'{\i}}az-V{\'{e}}lez and J.P. Dumm and M. Dunkman and R. Eagan and B. Eberhardt and T. Ehrhardt and B. Eichmann and S. Euler and P.A. Evenson and O. Fadiran and S. Fahey and A.R. Fazely and A. Fedynitch and J. Feintzeig and J. Felde and K. Filimonov and C. Finley and T. Fischer-Wasels and S. Flis and T. Fuchs and M. Glagla and T.K. Gaisser and R. Gaior and J. Gallagher and L. Gerhardt and K. Ghorbani and D. Gier and L. Gladstone and T. Gl{\"u}senkamp and A. Goldschmidt and G. Golup and J.G. Gonzalez and D. G{\'{o}}ra and D. Grant and P. Gretskov and J.C. Groh and A. Gro{\ss} and C. Ha and C. Haack and A. Haj Ismail and A. Hallgren and F. Halzen and B. Hansmann and K. Hanson and D. Hebecker and D. Heereman and K. Helbing and R. Hellauer and D. Hellwig and S. Hickford and J. Hignight and G.C. Hill and K.D. Hoffman and R. Hoffmann and K. Holzapfel and A. Homeier and K. Hoshina and F. Huang and M. Huber and W. Huelsnitz and P.O. Hulth and K. Hultqvist and S. In and A. Ishihara and E. Jacobi and G.S. Japaridze and K. Jero and M. Jurkovic and B. Kaminsky and A. Kappes and T. Karg and A. Karle and M. Kauer and A. Keivani and J.L. Kelley and J. Kemp and A. Kheirandish and J. Kiryluk and J. Kl{\"a}s and S.R. Klein and G. Kohnen and R. Koirala and H. Kolanoski and R. Konietz and A. Koob and L. K{\"o}pke and C. Kopper and S. Kopper and D.J. Koskinen and M. Kowalski and K. Krings and G. Kroll and M. Kroll and J. Kunnen and N. Kurahashi and T. Kuwabara and M. Labare and J.L. Lanfranchi and M.J. Larson and M. Lesiak-Bzdak and M. Leuermann and J. Leuner and J. L{\"u}nemann and J. Madsen and G. Maggi and K.B.M. Mahn and R. Maruyama and K. Mase and H.S. Matis and R. Maunu and F. McNally and K. Meagher and M. Medici and A. Meli and T. Menne and G. Merino and T. Meures and S. Miarecki and E. Middell and E. Middlemas and J. Miller and L. Mohrmann and T. Montaruli and R. Morse and R. Nahnhauer and U. Naumann and H. Niederhausen and S.C. Nowicki and D.R. Nygren and A. Obertacke and A. Olivas and A. Omairat and A. O'Murchadha and T. Palczewski and H. Pandya and L. Paul and J.A. Pepper and C. P{\'{e}}rez de los Heros and C. Pfendner and D. Pieloth and E. Pinat and J. Posselt and P.B. Price and G.T. Przybylski and J. P{\"u}tz and M. Quinnan and L. R{\"a}del and M. Rameez and K. Rawlins and P. Redl and R. Reimann and M. Relich and E. Resconi and W. Rhode and M. Richman and S. Richter and B. Riedel and S. Robertson and M. Rongen and C. Rott and T. Ruhe and D. Ryckbosch and S.M. Saba and L. Sabbatini and H.-G. Sander and A. Sandrock and J. Sandroos and S. Sarkar and K. Schatto and F. Scheriau and M. Schimp and T. Schmidt and M. Schmitz and S. Schoenen and S. Sch{\"o}neberg and A. Sch{\"o}nwald and A. Schukraft and L. Schulte and D. Seckel and S. Seunarine and R. Shanidze and M.W.E. Smith and D. Soldin and G.M. Spiczak and C. Spiering and M. Stahlberg and M. Stamatikos and T. Stanev and N.A. Stanisha and A. Stasik and T. Stezelberger and R.G. Stokstad and A. St{\"o}{\ss}l and E.A. Strahler and R. Str{\"o}m and N.L. Strotjohann and G.W. Sullivan and M. Sutherland and H. Taavola and I. Taboada and S. Ter-Antonyan and A. Terliuk and G. Te{\v{s}}i{\'{c}} and S. Tilav and P.A. Toale and M.N. Tobin and D. Tosi and M. Tselengidou and A. Turcati and E. Unger and M. Usner and S. Vallecorsa and N. van Eijndhoven and J. Vandenbroucke and J. van Santen and S. Vanheule and J. Veenkamp and M. Vehring and M. Voge and M. Vraeghe and C. Walck and M. Wallraff and N. Wandkowsky and Ch. Weaver and C. Wendt and S. Westerhoff and B.J. Whelan and N. Whitehorn and C. Wichary and K. Wiebe and C.H. Wiebusch and L. Wille and D.R. Williams and H. Wissing and M. Wolf and T.R. Wood and K. Woschnagg and D.L. Xu and X.W. Xu and Y. Xu and J.P. Y{\'{a}}{\~{n}}ez and G. Yodh and S. Yoshida and P. Zarzhitsky and M. Zoll},
	doi = {10.1016/j.astropartphys.2016.01.006},
	journal = {Astroparticle Physics},
	month = {may},
	pages = {1--27},
	publisher = {Elsevier {BV}},
	title = {Characterization of the atmospheric muon flux in {IceCube}},
	url = {https://doi.org/10.1016%2Fj.astropartphys.2016.01.006},
	volume = {78},
	year = 2016,
	bdsk-url-1 = {https://doi.org/10.1016%2Fj.astropartphys.2016.01.006},
	bdsk-url-2 = {https://doi.org/10.1016/j.astropartphys.2016.01.006}}

@misc{gaisser2019precision,
	archiveprefix = {arXiv},
	author = {Thomas K. Gaisser and Dennis Soldin and Andrew Crossman and Anatoli Fedynitch},
	eprint = {1910.08676},
	primaryclass = {astro-ph.HE},
	title = {Precision of analytical approximations in calculations of Atmospheric Leptons},
	year = {2019}}

@article{Ahrens_2004,
	author = {J. Ahrens and X. Bai and R. Bay and S.W. Barwick and T. Becka and J.K. Becker and K.-H. Becker and E. Bernardini and D. Bertrand and A. Biron and D.J. Boersma and S. B{\"o}ser and O. Botner and A. Bouchta and O. Bouhali and T. Burgess and S. Carius and T. Castermans and D. Chirkin and B. Collin and J. Conrad and J. Cooley and D.F. Cowen and A. Davour and C. De Clercq and T. DeYoung and P. Desiati and J.-P. Dewulf and P. Ekstr{\"o}m and T. Feser and M. Gaug and T.K. Gaisser and R. Ganugapati and H. Geenen and L. Gerhardt and A. Gro{\ss} and A. Goldschmidt and A. Hallgren and F. Halzen and K. Hanson and R. Hardtke and T. Harenberg and T. Hauschildt and K. Helbing and M. Hellwig and P. Herquet and G.C. Hill and D. Hubert and B. Hughey and P.O. Hulth and K. Hultqvist and S. Hundertmark and J. Jacobsen and A. Karle and M. Kestel and L. K{\"o}pke and M. Kowalski and K. Kuehn and J.I. Lamoureux and H. Leich and M. Leuthold and P. Lindahl and I. Liubarsky and J. Madsen and P. Marciniewski and H.S. Matis and C.P. McParland and T. Messarius and Y. Minaeva and P. Mio{\v{c}}inovi{\'{c}} and P.C. Mock and R. Morse and K.S. M{\"u}nich and J. Nam and R. Nahnhauer and T. Neunh{\"o}ffer and P. Niessen and D.R. Nygren and H. {\"O}gelman and Ph. Olbrechts and C. P{\'{e}}rez de los Heros and A.C. Pohl and R. Porrata and P.B. Price and G.T. Przybylski and K. Rawlins and E. Resconi and W. Rhode and M. Ribordy and S. Richter and J. Rodr{\i}{\'}guez Martino and D. Ross and H.-G. Sander and K. Schinarakis and S. Schlenstedt and T. Schmidt and D. Schneider and R. Schwarz and A. Silvestri and M. Solarz and G.M. Spiczak and C. Spiering and M. Stamatikos and D. Steele and P. Steffen and R.G. Stokstad and K.-H. Sulanke and O. Streicher and I. Taboada and L. Thollander and S. Tilav and W. Wagner and C. Walck and Y.-R. Wang and C.H. Wiebusch and C. Wiedemann and R. Wischnewski and H. Wissing and K. Woschnagg and G. Yodh},
	doi = {10.1016/j.nima.2004.01.065},
	journal = {Nuclear Instruments and Methods in Physics Research Section A: Accelerators, Spectrometers, Detectors and Associated Equipment},
	month = {may},
	number = {1-3},
	pages = {169--194},
	publisher = {Elsevier {BV}},
	title = {Muon track reconstruction and data selection techniques in {AMANDA}},
	url = {https://doi.org/10.1016%2Fj.nima.2004.01.065},
	volume = {524},
	year = 2004,
	bdsk-url-1 = {https://doi.org/10.1016%2Fj.nima.2004.01.065},
	bdsk-url-2 = {https://doi.org/10.1016/j.nima.2004.01.065}}

@article{Haungs,
	adsnote = {Provided by the SAO/NASA Astrophysics Data System},
	adsurl = {https://ui.adsabs.harvard.edu/abs/2003RPPh...66.1145H},
	author = {{Haungs}, Andreas and {Rebel}, Heinigerd and {Roth}, Markus},
	date-modified = {2023-08-30 12:35:22 +0200},
	doi = {10.1088/0034-4885/66/7/202},
	journal = {Reports on Progress in Physics},
	month = jul,
	number = {7},
	pages = {1145-1206},
	title = {{Energy spectrum and mass composition of high-energy cosmic rays}},
	volume = {66},
	year = 2003,
	bdsk-url-1 = {https://doi.org/10.1088/0034-4885/66/7/202}}

@phdthesis{20.500.12030_2899,
	address = {Mainz},
	author = {Kai Schatto},
	doi = {http://doi.org/10.25358/openscience-2897},
	language = {eng},
	publisher = {Johannes Gutenberg-Universit{\"a}t Mainz},
	title = {Stacked searches for high-energy neutrinos from blazars with IceCube},
	year = {2014}
}

@misc{clevert2016fast,
      title={Fast and Accurate Deep Network Learning by Exponential Linear Units (ELUs)}, 
      author={Djork-ArnÃ© Clevert and Thomas Unterthiner and Sepp Hochreiter},
      year={2016},
      eprint={1511.07289},
      archivePrefix={arXiv},
      primaryClass={cs.LG}
}